@article{topo,
author = {Martinez-Garcia and  Belen and Fernandez Georges, Xavier and Díaz-Ingelmo, Ofelia and Rodríguez-Campos, Antonio and Manichanh, Chaysavanh, and Roca Joaquim},
year = {2013},
month = {10},
title = {Topoisomerase II minimizes DNA entanglements by proofreading DNA topology after DNA strand passage},
booktitle = {Nucleic acids research}
}

@misc{v_torus,
Author = {Masaharu Ishikawa and Hirokazu Yanagi},
Title = {Virtual unknotting numbers of certain virtual torus knots},
Year = {2017},
Eprint = {arXiv:1701.03999},
}

@article{v_bridge,
author = {E. Byberi and V. Chernov},
year = {2008},
vol = {10},
pages = {1013--1021},
title = {Virtual bridge number one knots},
journal = {Commun. Contemp. Math}
}

@Book{campbell,
 author    = {Jane B. Reece , Lisa A. Urry, Michael L. Cain, and Steven A. Wasserman},
 translator= {전상학},
 title     = {캠밸 생명과학},
 publisher = {(주)바이오사이언스출판},
 year      = {2012},
 edition   = {9th}
}
